@Book{ grassGisApproach,
	title = "Open Source {GIS}: a {GRASS} {GIS} Approach",
	author = "Markus Neteler and Helena Mitasova",
	publisher = "Springer",
	address = "New York",
	year = "2008"
}

@Article{ temporalGlossary,
	title = "A consensus glossary of temporal database concepts",
	author = {Curtis Dyreson and Fabio Grandi and Wolfgang K{\"a}fer and Nick Kline and Nikos Lorentzos and Yannis Mitsopoulos and Angelo Montanari and Daniel Nonen and Elisa Peressi and Barbara Pernici and John F. Roddick and Nandlal L. Sarda and Maria Rita Scalas and Arie Segev and Richard Thomas Snodgrass and Mike D. Soo and Abdullah Tansel and Paolo Tiberio and Gio Wiederhold},
	publisher = "ACM",
	address = "New York, NY, USA",
	journal = "SIGMOD Rec.",
	pages = "52--64",
	volume = "23",
	number = "1",
	month = mar,
	year = "1994",
	issn = "0163-5808",
	url = "http://doi.acm.org/10.1145/181550.181560",
	doi = "10.1145/181550.181560",
	acmid = "181560",
	issue_date = "March 1994",
	numpages = "13"
}

@Misc{ pointVsInterval,
	title = "Point- Versus Interval-based Temporal Data Models",
	author = {Michael H. B{\"o}hlen and Renato Busatto and Christian S. Jensen},
	year = ""
}

